<?xml version="1.0" encoding="utf-8"?>
<record xmlns="http://www.loc.gov/MARC21/slim" xmlns:xsi="http://www.w3.org/2001/XMLSchema-instance" xsi:schemaLocation="http://www.loc.gov/MARC21/slim http://www.loc.gov/standards/marcxml/schema/MARC21slim.xsd">
	<leader>     nam a22     Mi 4500</leader>
	<controlfield tag="001">941302</controlfield>
	<controlfield tag="003">NjP</controlfield>
	<controlfield tag="006">m        d        </controlfield>
	<controlfield tag="007">cr cn |||m|||a</controlfield>
	<controlfield tag="008">210331s1894    ti      o     000 0 ara d</controlfield>
	<datafield ind1=" " ind2=" " tag="040">
		<subfield code="a">ZYU</subfield>
		<subfield code="b">ara</subfield>
		<subfield code="e">rda</subfield>
		<subfield code="c">ZYU</subfield>
	</datafield>
	<datafield ind1="1" ind2=" " tag="100">
		<subfield code="6">880-01</subfield>
		<subfield code="a">Tawzarī, ʻUthmān ibn al-Makkī.</subfield>
	</datafield>
	<datafield ind1="1" ind2="0" tag="240">
		<subfield code="6">880-02</subfield>
		<subfield code="a">Tamrīn ʻalá Risālat Sullam ʻilm al-bayān lil-mubtadiʼīn wa-al-ṣibyān</subfield>
	</datafield>
	<datafield ind1="1" ind2="0" tag="245">
		<subfield code="6">880-03</subfield>
		<subfield code="a">Hādhā sharḥ yusammá al-Tamrīn ʻalá Risālat Sullam ʻilm al-bayān lil-mubtadiʼīn wa-al-ṣibyān /</subfield>
		<subfield code="c">li-muʼallifihimā ʻUthmān ibn al-Makkī al-Zabīdī.</subfield>
	</datafield>
	<datafield ind1="3" ind2=" " tag="246">
		<subfield code="6">880-04</subfield>
		<subfield code="a">Tamrīn ʻalá Risālat Sullam ʻilm al-bayān lil-mubtadiʼīn wa-al-ṣibyān</subfield>
	</datafield>
	<datafield ind1="3" ind2=" " tag="246">
		<subfield code="6">880-05</subfield>
		<subfield code="a">Risālat Sullam ʻilm al-bayān lil-mubtadiʼīn wa-al-ṣibyān</subfield>
	</datafield>
	<datafield ind1="3" ind2=" " tag="246">
		<subfield code="6">880-06</subfield>
		<subfield code="a">Sullam ʻilm al-bayān lil-mubtadiʼīn wa-al-ṣibyān</subfield>
	</datafield>
	<datafield ind1=" " ind2=" " tag="250">
		<subfield code="6">880-07</subfield>
		<subfield code="a">Ṭabʻah 1.</subfield>
	</datafield>
	<datafield ind1=" " ind2=" " tag="260">
		<subfield code="6">880-08</subfield>
		<subfield code="a">Tūnis :</subfield>
		<subfield code="b">Maṭbaʻat Hanrī Brīvūl,</subfield>
		<subfield code="c">1311 [1894]</subfield>
	</datafield>
	<datafield ind1=" " ind2=" " tag="300">
		<subfield code="a">online resource (11 pages)</subfield>
	</datafield>
	<datafield ind1=" " ind2=" " tag="336">
		<subfield code="a">text</subfield>
		<subfield code="2">rdacontent</subfield>
	</datafield>
	<datafield ind1=" " ind2=" " tag="337">
		<subfield code="a">computer</subfield>
		<subfield code="2">rdamedia</subfield>
	</datafield>
	<datafield ind1=" " ind2=" " tag="338">
		<subfield code="a">online resource</subfield>
		<subfield code="2">rdacarrier</subfield>
	</datafield>
	<datafield ind1=" " ind2=" " tag="500">
		<subfield code="a">Part of the Arabic Collections Online (ACO) project, contributed by Princeton University Libraries.</subfield>
	</datafield>
	<datafield ind1=" " ind2=" " tag="533">
		<subfield code="a">Electronic reproduction.</subfield>
		<subfield code="b">New York, N.Y. :</subfield>
		<subfield code="c">New York University,</subfield>
		<subfield code="d">2021.</subfield>
		<subfield code="5">NNU</subfield>
	</datafield>
	<datafield ind1="1" ind2="2" tag="700">
		<subfield code="6">880-09</subfield>
		<subfield code="a">Tawzarī, ʻUthmān ibn al-Makkī.</subfield>
		<subfield code="t">Sullam ʻilm al-bayān lil-mubtadiʼīn wa-al-ṣibyān.</subfield>
	</datafield>
	<datafield ind1="2" ind2=" " tag="710">
		<subfield code="a">Princeton University.</subfield>
		<subfield code="b">Library.</subfield>
	</datafield>
	<datafield ind1="0" ind2=" " tag="730">
		<subfield code="a">Arabic Collections Online.</subfield>
	</datafield>
	<datafield ind1="0" ind2="8" tag="776">
		<subfield code="i">Print version:</subfield>
		<subfield code="a">Tawzarī, ʻUthmān ibn al-Makkī.</subfield>
		<subfield code="t">Hādhā sharḥ yusammá al-Tamrīn ʻalá Risālat Sullam ʻilm al-bayān lil-mubtadiʼīn wa-al-ṣibyān</subfield>
		<subfield code="w">(NjP)941302</subfield>
		<subfield code="w">(OCoLC)31859100</subfield>
	</datafield>
	<datafield ind1=" " ind2="0" tag="830">
		<subfield code="a">Princeton University Arabic collection ;</subfield>
		<subfield code="v">cn. 9402923.10.</subfield>
	</datafield>
	<datafield ind1=" " ind2="0" tag="830">
		<subfield code="a">Princeton University Arabic collection.</subfield>
		<subfield code="p">Phase II.</subfield>
	</datafield>
	<datafield ind1="4" ind2="0" tag="856">
		<subfield code="u">http://hdl.handle.net/2333.1/kprr57pd</subfield>
	</datafield>
	<datafield ind1="1" ind2=" " tag="880">
		<subfield code="6">100-01</subfield>
		<subfield code="a">توزري، عثمان بن المكي.</subfield>
	</datafield>
	<datafield ind1="1" ind2="0" tag="880">
		<subfield code="6">240-02</subfield>
		<subfield code="a">تمرين على رسالة سلم علم البيان للمبتدئين والصبيان</subfield>
	</datafield>
	<datafield ind1="1" ind2="0" tag="880">
		<subfield code="6">245-03</subfield>
		<subfield code="a">هذا شرح يسمى التمرين على رسالة سلم علم البيان للمبتدئين والصبيان /</subfield>
		<subfield code="c">لمؤلفهما عثمان بن المكي الزبيدي.</subfield>
	</datafield>
	<datafield ind1="3" ind2=" " tag="880">
		<subfield code="6">246-04</subfield>
		<subfield code="a">تمرين على رسالة سلم علم البيان للمبتدئين والصبيان</subfield>
	</datafield>
	<datafield ind1="3" ind2=" " tag="880">
		<subfield code="6">246-05</subfield>
		<subfield code="a">رسالة سلم علم البيان للمبتدئين والصبيان</subfield>
	</datafield>
	<datafield ind1="3" ind2=" " tag="880">
		<subfield code="6">246-06</subfield>
		<subfield code="a">سلم علم البيان للمبتدئين والصبيان</subfield>
	</datafield>
	<datafield ind1=" " ind2=" " tag="880">
		<subfield code="6">250-07</subfield>
		<subfield code="a">طبعة 1.</subfield>
	</datafield>
	<datafield ind1=" " ind2=" " tag="880">
		<subfield code="6">260-08</subfield>
		<subfield code="a">تونس :</subfield>
		<subfield code="b">مطبعة هنري بريڤول،</subfield>
		<subfield code="c">1311 [1894]</subfield>
	</datafield>
	<datafield ind1="1" ind2="2" tag="880">
		<subfield code="6">700-09</subfield>
		<subfield code="a">توزري، عثمان بن المكي.</subfield>
		<subfield code="t">سلم علم البيان للمبتدئين والصبيان.</subfield>
	</datafield>
	<datafield ind1=" " ind2=" " tag="959">
		<subfield code="a">NNU</subfield>
		<subfield code="b">WEB</subfield>
		<subfield code="c">GENI</subfield>
		<subfield code="t">0</subfield>
		<subfield code="m">Electronic access</subfield>
		<subfield code="s">01</subfield>
	</datafield>
	<datafield ind1=" " ind2=" " tag="999">
		<subfield code="i">NjP_941302</subfield>
		<subfield code="o">(OCoLC)ocm31859100</subfield>
		<subfield code="s">princeton_aco004778:</subfield>
		<subfield code="e">(ERROR-880)(ERROR-MISC)</subfield>
		<subfield code="s">princeton_aco004778:</subfield>
	</datafield>
</record>
